<record><leader>00000cas a22000007a 4500</leader><controlfield tag="001">23861694</controlfield><controlfield tag="008">910530d18811886maucr ne      0    0eng d</controlfield><datafield ind1=" " ind2=" " tag="010"><subfield code="a">sn 91058066 </subfield></datafield><datafield ind1=" " ind2=" " tag="040"><subfield code="a">MGN</subfield><subfield code="b">eng</subfield><subfield code="c">MGN</subfield><subfield code="d">OCLCQ</subfield></datafield><datafield ind1=" " ind2=" " tag="042"><subfield code="a">msc</subfield></datafield><datafield ind1="0" ind2=" " tag="130"><subfield code="a">Boston post (Boston, Mass. : Semiweekly)</subfield></datafield><datafield ind1="1" ind2="0" tag="245"><subfield code="a">Boston post.</subfield></datafield><datafield ind1="1" ind2="3" tag="246"><subfield code="a">Press and post</subfield><subfield code="f">Aug. 4, 1881-&lt;Jan. 18, 1886&gt;</subfield></datafield><datafield ind1=" " ind2=" " tag="260"><subfield code="a">Boston [Mass.] :</subfield><subfield code="b">Post Pub. Co.</subfield></datafield><datafield ind1=" " ind2=" " tag="300"><subfield code="a">v.</subfield></datafield><datafield ind1=" " ind2=" " tag="310"><subfield code="a">Semiweekly</subfield></datafield><datafield ind1="0" ind2=" " tag="362"><subfield code="a">Vol. 101, no. 6 (July 7, 1881)-</subfield></datafield><datafield ind1="1" ind2=" " tag="362"><subfield code="a">Ceased in 1886.</subfield></datafield><datafield ind1=" " ind2=" " tag="580"><subfield code="a">Daily ed.: Boston post (Boston, Mass. : Daily).</subfield></datafield><datafield ind1=" " ind2=" " tag="580"><subfield code="a">Weekly eds.: Boston statesman and weekly post, 1881, and: Boston weekly post, 1882-1886.</subfield></datafield><datafield ind1=" " ind2=" " tag="752"><subfield code="a">United States</subfield><subfield code="b">Massachusetts</subfield><subfield code="c">Suffolk</subfield><subfield code="d">Boston.</subfield></datafield><datafield ind1="1" ind2=" " tag="775"><subfield code="t">Boston post (Boston, Mass. : Daily)</subfield><subfield code="w">(DLC)sn 84023564</subfield></datafield><datafield ind1="1" ind2=" " tag="775"><subfield code="t">Boston statesman and weekly post</subfield><subfield code="w">(DLC)sn 84023566</subfield></datafield><datafield ind1="1" ind2=" " tag="775"><subfield code="t">Boston weekly post</subfield><subfield code="w">(DLC)sn 91058065</subfield></datafield><datafield ind1="0" ind2="0" tag="780"><subfield code="t">Boston press and post</subfield><subfield code="w">(DLC)sn 84023565</subfield></datafield></record>